@article{bonaventura2020a,
  author = {Bonaventura, M.},
  year = {2020},
  title = {Predicting success in the worldwide start-up Network’},
  volume = {10},
  doi = {10.1038/s41598-019-57209-w.},
  language = {en},
  journal = {Scientific Reports},
  number = {1}
}
@article{carniel2023a,
  author = {Carniel, T. and Halloy, J. and Dalle, J.-M.},
  year = {2023},
  title = {A novel clustering approach to bipartite investor-startup networks’},
  volume = {18},
  doi = {10.1371/journal.pone.0279780.},
  language = {en},
  journal = {PLOS ONE},
  number = {1}
}
@article{cumming2007a,
  author = {Cumming, D.J. and Dai, N.},
  year = {2007},
  title = {Local bias in venture capital investments’},
  doi = {10.2139/ssrn.1034222.},
  language = {en},
  journal = {SSRN Electronic Journal [Preprint}
}
@misc{embroker2024a,
  author = {Embroker},
  year = {2024},
  title = {106 must-know startup statistics for 2024},
  note = {Available at:},
  url = {https://www.embroker.com/blog/startup-statistics/},
  language = {en}
}
@misc{ewens2020a,
  author = {Ewens, M. and Townsend, R.R.},
  year = {2020},
  title = {Are early stage investors biased against women?},
  edition = {Preprint},
  doi = {10.31235/osf.io/x3syb.},
  language = {en}
}
@misc{kotashev2024a,
  author = {Kotashev, K.},
  year = {2024},
  title = {Startup failure rate: How many startups fail and why in 2024?, RSS},
  note = {Available at:},
  url = {https://www.failory.com/blog/startup-failure-rate},
  language = {en}
}
@inproceedings{krishna2016a,
  author = {Krishna, A. and Agrawal, A. and Choudhary, A.},
  year = {2016},
  title = {Predicting the outcome of startups: Less failure, more success’},
  note = {Preprint].},
  doi = {10.1109/icdmw.2016.0118.},
  language = {en},
  booktitle = {2016 IEEE 16th International Conference on Data Mining Workshops (ICDMW}
}
@article{lengyel2020a,
  author = {Lengyel, B.},
  year = {2020},
  title = {The role of geography in the complex diffusion of innovations’},
  volume = {10},
  doi = {10.1038/s41598-020-72137-w.},
  language = {en},
  journal = {Scientific Reports},
  number = {1}
}
@article{mccarthy2023a,
  author = {McCarthy, P.X.},
  year = {2023},
  title = {The impact of founder personalities on Startup Success’},
  volume = {13},
  doi = {10.1038/s41598-023-41980-y.},
  language = {en},
  journal = {Scientific Reports},
  number = {1}
}
@inproceedings{sharchilev2018a,
  author = {Sharchilev, B.},
  year = {2018},
  title = {Web-based startup success prediction’},
  doi = {10.1145/3269206.3272011.},
  language = {en},
  booktitle = {Proceedings of the 27th ACM International Conference on Information and Knowledge Management [Preprint}
}
@misc{uzzi2021a,
  author = {Uzzi, B.},
  date = {2021},
  title = {Embeddedness in the making of financial capital’:, The New Economic Sociology},
  pages = {349–384},
  doi = {10.2307/j.ctv1f886rp.16.},
  language = {en}
}
@article{yang2020a,
  author = {Yang, K. and Fujisaki, I. and Ueda, K.},
  year = {2020},
  title = {Interplay of network structure and neighbour performance in User Innovation’},
  volume = {6},
  doi = {10.1057/s41599-019-0383-x.},
  language = {en},
  journal = {Palgrave Communications},
  number = {1}
}
